@book{KollerPGM,
    author = {Koller, Daphne and Friedman, Nir},
    title = {Probabilistic Graphical Models: Principles and Techniques - Adaptive Computation and Machine Learning},
    year = {2009},
    isbn = {0262013193, 9780262013192},
    publisher = {The MIT Press},
}
